@article{std_dev,
   title   = "A Development Environment for Source Code Distribution",
   Author  = "I. F. F. dos{ }Santos",
   Address = "Macei\'{o}",
   Year    = "2025",
   url     = "https://github.com/ismaeldamiao/tuim",
}

@article{std_abi,
   title   = "Tuim: A Portable Application Binary Interface",
   Author  = "I. F. F. dos{ }Santos",
   Address = "Macei\'{o}",
   Year    = "2025",
   url     = "https://github.com/ismaeldamiao/tuim",
}

@misc{LLVM,
   title = "LLVM",
   url   = "http://llvm.org"
}
