%% Saved with string encoding Unicode (UTF-8) 
@article{systemv,
   title  = "{S}ystem {V} {A}pplication {B}inary {I}nterface",
   author = "AT\&T",
}
@software{tuim,
   title  = "{T}uim",
   author = "I. F. F dos{ }Santos",
   url    = "https://github.com/ismaeldamiao/tuim",
}
@techreport{ISO9899,
   title = "Information technology - Programming languages - C",
   type  = "Standard",
   key   = "ISO/IEC 9899:2024",
   year  = "2024",
   address = "Switzerland",
   institution = "ISO/IEC"
}
@manual{aaelf32,
   title = "ELF for the Arm Architecture"
}
@manual{rtabi32,
   title = "Run-time ABI for the Arm Architecture",
}
