@misc{LLVM,
   title = "LLVM",
   url   = "http://llvm.org"
}
