%% Saved with string encoding Unicode (UTF-8) 
@software{tuim,
   title  = "{T}uim",
   author = "I. F. F dos{ }Santos",
   url    = "https://github.com/ismaeldamiao/tuim",
}
@article{sysv,
   title  = "{S}ystem {V} {A}pplication {B}inary {I}nterface",
   author = "AT\&T",
}
@techreport{ISO9899,
   title = "Information technology - Programming languages - C",
   type  = "Standard",
   key   = "ISO/IEC 9899:2024",
   year  = "2024",
   address = "Switzerland",
   institution = "ISO/IEC"
}
@ARTICLE{posix,
  journal  = "IEEE/Open Group Std 1003.1-2024 (Revision of IEEE Std 1003.1-2017)",
  title    = "IEEE/Open Group Standard for Information Technology--Portable Operating System Interface (POSIX™) Base Specifications, Issue 8",
  year     = "2024",
  pages    = "1-4107",
  keywords = "IEEE Standards;Information technology;Open systems;Operating systems;Application programming interfaces;application program interface (API);argument;asynchronous;basic regular expression (BRE);built-in utility;byte;child;command language interpreter;CPU;extended regular expression (ERE);FIFO;file access control mechanism;IEEE 1003.1™;input/output (I/O);job control;network;parent;portable operating system interface (POSIX™);shell;stream;string;synchronous;system;thread;X/Open System Interface (XSI)",
  doi      = "10.1109/IEEESTD.2024.10555529"
}
@software{llvm,
   title  = "{LLVM}",
   author = "{{T}eam, LLVM}",
   url    = "https://github.com/llvm/llvm-project",
}
@software{lua,
   title  = "{Lua}",
   author = "{Lua.org, PUC-Rio}",
   url    = "https://www.lua.org/",
}
@software{latexmk,
   title  = "Latexmk",
   author = "John Collins",
   url    = "https://www.cantab.net/users/johncollins/latexmk/index.html",
}
@software{yaml,
   title  = "{Yaml}",
   url    = "https://yaml.org/",
}
@manual{aaelf32,
   title = "ELF for the Arm Architecture"
}
@manual{rtabi32,
   title = "Run-time ABI for the Arm Architecture",
}
